<?xml version="1.0" encoding="UTF-8"?>
<OAI-PMH xmlns="http://www.openarchives.org/OAI/2.0/" xmlns:xsi="http://www.w3.org/2001/XMLSchema-instance" xsi:schemaLocation="http://www.openarchives.org/OAI/2.0/ http://www.openarchives.org/OAI/2.0/OAI-PMH.xsd">
<ListRecords>
<record>
<header status="updated">
<identifier>urm_publish:71279713080002121</identifier>
</header>
<metadata>
<record xmlns="http://www.loc.gov/MARC21/slim" xmlns:xsi="http://www.w3.org/2001/XMLSchema-instance" xsi:schemaLocation="http://www.loc.gov/MARC21/slim http://www.loc.gov/standards/marcxml/schema/MARC21slim.xsd" ><leader>01216nam a2200349 a 4500</leader><controlfield tag="005">19990604082155.0</controlfield><controlfield tag="008">840724s1985    enka     b    00110 eng  </controlfield><controlfield tag="001">999553955402121</controlfield><datafield tag="010" ind1=" " ind2=" "><subfield code="a">   84017047 </subfield></datafield><datafield tag="020" ind1=" " ind2=" "><subfield code="a">0521302072</subfield></datafield><datafield tag="035" ind1=" " ind2=" "><subfield code="a">(OCoLC)11045010</subfield></datafield><datafield tag="035" ind1=" " ind2=" "><subfield code="9">AFD5548UW</subfield></datafield><datafield tag="035" ind1=" " ind2=" "><subfield code="a">(WU)887421-uwmadisondb</subfield></datafield><datafield tag="039" ind1="0" ind2=" "><subfield code="a">2</subfield><subfield code="b">3</subfield><subfield code="c">3</subfield><subfield code="d">3</subfield><subfield code="e">3</subfield></datafield><datafield tag="040" ind1=" " ind2=" "><subfield code="a">DLC</subfield><subfield code="b">eng</subfield><subfield code="c">DLC</subfield><subfield code="d">GZN</subfield></datafield><datafield tag="043" ind1=" " ind2=" "><subfield code="a">a-cc---</subfield></datafield><datafield tag="050" ind1="0" ind2=" "><subfield code="a">JQ1512.Z13</subfield><subfield code="b">E8719 1985</subfield></datafield><datafield tag="082" ind1="0" ind2=" "><subfield code="a">354.51003/09</subfield><subfield code="2">19</subfield></datafield><datafield tag="100" ind1="1" ind2=" "><subfield code="a">Chaffee, John W.</subfield><subfield code="2">LCNAMES</subfield><subfield code="0">41-LIBRARY_OF_CONGRESS-n  84036457</subfield><subfield code="9">Y</subfield></datafield><datafield tag="245" ind1="1" ind2="4"><subfield code="a">The thorny gates of learning in Sung China : a social history of examinations /</subfield><subfield code="c">John W. Chaffee.</subfield></datafield><datafield tag="263" ind1=" " ind2=" "><subfield code="a">8508</subfield></datafield><datafield tag="264" ind1=" " ind2="1"><subfield code="a">Cambridge [Cambridgeshire] ;</subfield><subfield code="a">New York :</subfield><subfield code="b">Cambridge University Press,</subfield><subfield code="c">1985.</subfield></datafield><datafield tag="300" ind1=" " ind2=" "><subfield code="a">xxii, 279 pages :</subfield><subfield code="b">illustrations ;</subfield><subfield code="c">24 cm.</subfield></datafield><datafield tag="336" ind1=" " ind2=" "><subfield code="a">text</subfield><subfield code="b">txt</subfield><subfield code="2">rdacontent</subfield></datafield><datafield tag="337" ind1=" " ind2=" "><subfield code="a">unmediated</subfield><subfield code="b">n</subfield><subfield code="2">rdamedia</subfield></datafield><datafield tag="338" ind1=" " ind2=" "><subfield code="a">volume</subfield><subfield code="b">nc</subfield><subfield code="2">rdacarrier</subfield></datafield><datafield tag="490" ind1="1" ind2=" "><subfield code="a">Cambridge studies in Chinese history, literature, and institutions</subfield></datafield><datafield tag="500" ind1=" " ind2=" "><subfield code="a">Includes index.</subfield></datafield><datafield tag="504" ind1=" " ind2=" "><subfield code="a">Bibliography: pages 253-267.</subfield></datafield><datafield tag="650" ind1=" " ind2="0"><subfield code="a">Civil service</subfield><subfield code="z">China</subfield><subfield code="x">Examinations</subfield><subfield code="x">History.</subfield><subfield code="2">LCSH</subfield><subfield code="0">41-LIBRARY_OF_CONGRESS-sh2008101069</subfield><subfield code="9">Y</subfield></datafield><datafield tag="830" ind1=" " ind2="0"><subfield code="a">Cambridge studies in Chinese history, literature, and institutions.</subfield><subfield code="2">LCNAMES</subfield><subfield code="0">41-LIBRARY_OF_CONGRESS-n  42005701</subfield><subfield code="9">Y</subfield></datafield><datafield tag="997" ind1=" " ind2=" "><subfield code="a">MARCIVE</subfield></datafield><datafield tag="830" ind1=" " ind2="0"><subfield code="a">Jianqiao Zhonghua wen shi cong kan</subfield><subfield code="2">LCNAMES</subfield><subfield code="0">41-LIBRARY_OF_CONGRESS-n  42005701</subfield><subfield code="9">N</subfield></datafield><datafield tag="INST" ind1=" " ind2=" "><subfield code="a">01UWI_NETWORK</subfield><subfield code="b">P</subfield><subfield code="c">71279713080002121</subfield></datafield><datafield tag="INST" ind1=" " ind2=" "><subfield code="a">01UWI_MAD</subfield><subfield code="b">P</subfield><subfield code="c">21499824330002122</subfield></datafield><datafield tag="INST" ind1=" " ind2=" "><subfield code="a">01UWI_ML</subfield><subfield code="b">P</subfield><subfield code="c">21166516530002124</subfield></datafield><datafield tag="INST" ind1=" " ind2=" "><subfield code="a">01UWI_EC</subfield><subfield code="b">P</subfield><subfield code="c">21102389740002134</subfield></datafield><datafield tag="INST" ind1=" " ind2=" "><subfield code="a">01UWI_GB</subfield><subfield code="b">P</subfield><subfield code="c">2153368220002123</subfield></datafield><datafield tag="INST" ind1=" " ind2=" "><subfield code="a">01UWI_OSH</subfield><subfield code="b">P</subfield><subfield code="c">2173040020002126</subfield></datafield><datafield tag="AVA" ind1=" " ind2=" "><subfield code="0">998874213602122</subfield><subfield code="8">22499824320002122</subfield><subfield code="a">01UWI_MAD</subfield><subfield code="b">MEMORIAL</subfield><subfield code="c">Stacks Regular Size Shelving</subfield><subfield code="d">JQ1512 Z13 E8719 1985</subfield><subfield code="e">available</subfield><subfield code="f">1</subfield><subfield code="g">0</subfield><subfield code="j">stk</subfield><subfield code="k">0</subfield><subfield code="p">1</subfield><subfield code="q">Memorial Library</subfield></datafield><datafield tag="AVA" ind1=" " ind2=" "><subfield code="0">998874213602122</subfield><subfield code="8">22499824300002122</subfield><subfield code="a">01UWI_MAD</subfield><subfield code="b">MEMORIAL</subfield><subfield code="c">Stacks Regular Size Shelving</subfield><subfield code="d">JQ1512 Z13 E8719 1985</subfield><subfield code="e">available</subfield><subfield code="f">1</subfield><subfield code="g">0</subfield><subfield code="j">stk</subfield><subfield code="k">0</subfield><subfield code="p">2</subfield><subfield code="q">Memorial Library</subfield></datafield><datafield tag="AVA" ind1=" " ind2=" "><subfield code="0">994888093402124</subfield><subfield code="8">22166516520002124</subfield><subfield code="a">01UWI_ML</subfield><subfield code="b">MIL</subfield><subfield code="c">Stacks</subfield><subfield code="d">JQ1512 Z13 E8719 1985</subfield><subfield code="e">available</subfield><subfield code="f">1</subfield><subfield code="g">0</subfield><subfield code="j">stk</subfield><subfield code="k">0</subfield><subfield code="p">1</subfield><subfield code="q">UW Milwaukee</subfield></datafield><datafield tag="AVA" ind1=" " ind2=" "><subfield code="0">993101003402134</subfield><subfield code="8">22102389730002134</subfield><subfield code="a">01UWI_EC</subfield><subfield code="b">UWEC</subfield><subfield code="c">Main Collection 4th Floor</subfield><subfield code="d">JQ1512.Z13 E8719 1985</subfield><subfield code="e">unavailable</subfield><subfield code="f">1</subfield><subfield code="g">1</subfield><subfield code="j">stacks4</subfield><subfield code="k">0</subfield><subfield code="p">1</subfield><subfield code="q">UW-Eau Claire McIntyre Library</subfield></datafield><datafield tag="AVA" ind1=" " ind2=" "><subfield code="0">992062913402123</subfield><subfield code="8">2253368210002123</subfield><subfield code="a">01UWI_GB</subfield><subfield code="b">GB</subfield><subfield code="c">Stacks (A-P on 6th floor, Q-Z on 5th right rear)</subfield><subfield code="d">JQ1512.Z13 E8719 1985</subfield><subfield code="e">available</subfield><subfield code="f">1</subfield><subfield code="g">0</subfield><subfield code="j">stax</subfield><subfield code="k">0</subfield><subfield code="p">1</subfield><subfield code="q">UW Green Bay</subfield></datafield><datafield tag="AVA" ind1=" " ind2=" "><subfield code="0">992885963502126</subfield><subfield code="8">2273040010002126</subfield><subfield code="a">01UWI_OSH</subfield><subfield code="b">OSH</subfield><subfield code="c">Books (A-E 2nd South, F-PN 2nd North, PQ-Z 3rd North)</subfield><subfield code="d">JQ1512.Z13 E8719 1985</subfield><subfield code="e">available</subfield><subfield code="f">1</subfield><subfield code="g">0</subfield><subfield code="j">main</subfield><subfield code="k">0</subfield><subfield code="p">1</subfield><subfield code="q">Polk Library</subfield></datafield><datafield tag="MMS" ind1=" " ind2=" "><subfield code="b">999553955402121</subfield><subfield code="a">01UWI_NETWORK</subfield></datafield><datafield tag="MMS" ind1=" " ind2=" "><subfield code="b">998874213602122</subfield><subfield code="a">01UWI_MAD</subfield></datafield><datafield tag="MMS" ind1=" " ind2=" "><subfield code="b">994888093402124</subfield><subfield code="a">01UWI_ML</subfield></datafield><datafield tag="MMS" ind1=" " ind2=" "><subfield code="b">993101003402134</subfield><subfield code="a">01UWI_EC</subfield></datafield><datafield tag="MMS" ind1=" " ind2=" "><subfield code="b">992062913402123</subfield><subfield code="a">01UWI_GB</subfield></datafield><datafield tag="MMS" ind1=" " ind2=" "><subfield code="b">992885963502126</subfield><subfield code="a">01UWI_OSH</subfield></datafield></record>
</metadata>
</record>
</ListRecords>
</OAI-PMH>